<record xmlns="http://www.loc.gov/MARC21/slim" xmlns:xsi="http://www.w3.org/2001/XMLSchema-instance" xsi:schemaLocation="http://www.loc.gov/MARC21/slim http://www.loc.gov/standards/marcxml/schema/MARC21slim.xsd"><leader>     nam a22        4500</leader><controlfield tag="001">3122887</controlfield><controlfield tag="003">NNC</controlfield><controlfield tag="006">m        d        </controlfield><controlfield tag="007">cr cn |||m|||a</controlfield><controlfield tag="008">150316s1930    sy h    o     000 0 araod</controlfield><datafield ind1=" " ind2=" " tag="040"><subfield code="a">NNU</subfield><subfield code="b">eng</subfield><subfield code="e">rda</subfield><subfield code="c">NNU</subfield></datafield><datafield ind1=" " ind2="4" tag="050"><subfield code="a">PJ7839.A2</subfield><subfield code="b">F3 1930</subfield></datafield><datafield ind1="1" ind2=" " tag="100"><subfield code="a">Dimya&#772;t&#803;i&#772;, &#699;Abd al-Mu&#700;min ibn Khalaf,</subfield><subfield code="d">1217-1306.</subfield></datafield><datafield ind1="1" ind2="0" tag="245"><subfield code="a">Fad&#803;l al-khayl /</subfield><subfield code="c">li-Sharaf al-Di&#772;n &#699;Abd al-Mu&#700;min al-Dimya&#772;t&#803;i&#772; al-Mis&#803;ri&#772;. Wa-yali&#772;h Rashah&#803;a&#772;t al-mida&#772;d fi&#772;ma&#772; yata&#699;allaq bi-al-s&#803;a&#772;fina&#772;t al-jiya&#772;d / ta&#700;li&#772;f Muh&#803;ammad al-Bakhshi&#772; al-H&#803;alabi&#772; ; t&#803;aba&#699;ahu wa-s&#803;ah&#803;h&#803;ah&#803;ahu Muh&#803;ammad Ra&#772;ghib al-T&#803;abba&#772;kh.</subfield></datafield><datafield ind1=" " ind2=" " tag="250"><subfield code="a">al-T&#803;ab&#699;ah 1.</subfield></datafield><datafield ind1=" " ind2=" " tag="260"><subfield code="a">H&#803;alab :</subfield><subfield code="b">al-Matba&#699;ah al-&#699;Ilmi&#772;yah,</subfield><subfield code="c">1349 [1930]</subfield></datafield><datafield ind1=" " ind2=" " tag="300"><subfield code="a">online resource (24, 192, 150 pages) :</subfield><subfield code="b">facsimiles</subfield></datafield><datafield ind1=" " ind2=" " tag="336"><subfield code="a">text</subfield><subfield code="2">rdacontent</subfield></datafield><datafield ind1=" " ind2=" " tag="337"><subfield code="a">computer</subfield><subfield code="2">rdamedia</subfield></datafield><datafield ind1=" " ind2=" " tag="338"><subfield code="a">online resource</subfield><subfield code="2">rdacarrier</subfield></datafield><datafield ind1=" " ind2=" " tag="500"><subfield code="a">The second work has special t.p. and separate paging.</subfield></datafield><datafield ind1=" " ind2=" " tag="500"><subfield code="a">A book on horses in Moslem tradition.</subfield></datafield><datafield ind1=" " ind2=" " tag="500"><subfield code="a">Part of the Arabic Collections Online (ACO) project, contributed by Columbia University Libraries.</subfield></datafield><datafield ind1=" " ind2=" " tag="533"><subfield code="a">Electronic reproduction.</subfield><subfield code="b">New York, N.Y. :</subfield><subfield code="c">New York University,</subfield><subfield code="d">2015.</subfield><subfield code="5">NNU</subfield></datafield><datafield ind1=" " ind2="0" tag="650"><subfield code="a">Horses.</subfield></datafield><datafield ind1="0" ind2="0" tag="600"><subfield code="a">Muh&#803;ammad,</subfield><subfield code="c">Prophet,</subfield><subfield code="d">-632.</subfield></datafield><datafield ind1="0" ind2="7" tag="600"><subfield code="a">Muh&#803;ammad,</subfield><subfield code="c">Prophet,</subfield><subfield code="d">-632.</subfield><subfield code="2">fast</subfield><subfield code="0">(OCoLC)fst01836298</subfield></datafield><datafield ind1=" " ind2="7" tag="650"><subfield code="a">Horses.</subfield><subfield code="2">fast</subfield><subfield code="0">(OCoLC)fst00960603</subfield></datafield><datafield ind1="1" ind2=" " tag="700"><subfield code="a">T&#803;abba&#772;kh, Muh&#803;ammad Ra&#772;ghib,</subfield><subfield code="d">1877-1951.</subfield></datafield><datafield ind1="1" ind2=" " tag="700"><subfield code="a">Bakhshi&#772;, Muh&#803;ammad ibn Muh&#803;ammad,</subfield><subfield code="d">1628 or 1629-1686 or 1687.</subfield><subfield code="t">Rashah&#803;a&#772;t al-mida&#772;d fi&#772;ma&#772; yata&#699;allaq bi-al-s&#803;a&#772;fina&#772;t al-jiya&#772;d.</subfield></datafield><datafield ind1="2" ind2=" " tag="710"><subfield code="a">Columbia University.</subfield><subfield code="b">Libraries.</subfield></datafield><datafield ind1="0" ind2=" " tag="730"><subfield code="a">Arabic Collections Online.</subfield></datafield><datafield ind1="0" ind2="8" tag="776"><subfield code="i">Print version:</subfield><subfield code="a">Dimya&#772;t&#803;i&#772;, &#699;Abd al-Mu&#700;min ibn Khalaf, 1217-1306.</subfield><subfield code="t">Fad&#803;l al-khayl</subfield><subfield code="w">(NNC)3122887</subfield><subfield code="w">(OCoLC)29903169</subfield></datafield><datafield ind1="4" ind2="0" tag="856"><subfield code="u">http://hdl.handle.net/2333.1/189321mt</subfield></datafield><datafield ind1=" " ind2=" " tag="959"><subfield code="a">NNU</subfield><subfield code="b">WEB</subfield><subfield code="c">GENI</subfield><subfield code="t">0</subfield><subfield code="m">Electronic access</subfield><subfield code="s">01</subfield></datafield><datafield ind1=" " ind2=" " tag="999"><subfield code="i">NNC_3122887</subfield><subfield code="o">(OCoLC)ocm29903169 </subfield><subfield code="s">columbia_aco000290</subfield><subfield code="e">(ERROR-880)</subfield></datafield></record>